<collection xmlns="http://www.loc.gov/MARC21/slim">
<record>
  <leader>02386nam0a2200433 i 450 </leader>
  <controlfield tag="001">IT\ICCU\CNCE\002872</controlfield>
  <controlfield tag="005">20151116000000.0</controlfield>
  <datafield tag="012" ind1=" " ind2=" ">
    <subfield code="a">diro uei- dol- sule (C) 1505 (R)</subfield>
    <subfield code="2">fei</subfield>
  </datafield>
  <datafield tag="100" ind1=" " ind2=" ">
    <subfield code="a">19970101d1505        0itac0103    ba</subfield>
  </datafield>
  <datafield tag="101" ind1=" " ind2=" ">
    <subfield code="a">LAT</subfield>
  </datafield>
  <datafield tag="102" ind1=" " ind2=" ">
    <subfield code="a">IT</subfield>
  </datafield>
  <datafield tag="200" ind1="1" ind2=" ">
    <subfield code="a">Vitae Aristotelis ex Plutarco et ex Diogene Laertio. Praedicabilia Prophyrii \!!. Praedicamenta Aristotelis. Sex principia Giberti Poretani interprete Hermolao Barbaro. Libri duo Periherminias. ... Physicorum libri octo. Methaphisicae libri duodecim ... De anima libri tres ... Economicorum liber unus</subfield>
  </datafield>
  <datafield tag="210" ind1=" " ind2=" ">
    <subfield code="e">Venetiis</subfield>
    <subfield code="g">a Philippo Pincio impressa</subfield>
    <subfield code="g">sumptibus domini Benedicti Fontana</subfield>
    <subfield code="h">1505 die 12 Septembris</subfield>
  </datafield>
  <datafield tag="215" ind1=" " ind2=" ">
    <subfield code="a">\358! c.</subfield>
    <subfield code="c">ill.</subfield>
    <subfield code="d">fol</subfield>
  </datafield>
  <datafield tag="620" ind1=" " ind2=" ">
    <subfield code="a">IT</subfield>
    <subfield code="d">Venezia</subfield>
  </datafield>
  <datafield tag="700" ind1=" " ind2="0">
    <subfield code="a">Aristoteles</subfield>
    <subfield code="3">IT\ICCU\CNCA\000006</subfield>
  </datafield>
  <datafield tag="702" ind1=" " ind2="0">
    <subfield code="a">Porphyrius</subfield>
    <subfield code="3">IT\ICCU\CNCA\000166</subfield>
  </datafield>
  <datafield tag="702" ind1=" " ind2="0">
    <subfield code="a">Gilbertus</subfield>
    <subfield code="c"> : Porretanus</subfield>
    <subfield code="3">IT\ICCU\CNCA\000271</subfield>
  </datafield>
  <datafield tag="702" ind1=" " ind2="1">
    <subfield code="a">Barbaro,</subfield>
    <subfield code="b">Ermolao</subfield>
    <subfield code="3">IT\ICCU\CNCA\000272</subfield>
  </datafield>
  <datafield tag="712" ind1="0" ind2="0">
    <subfield code="a">Fontana, Benedetto</subfield>
    <subfield code="3">IT\ICCU\CNCT\000764</subfield>
    <subfield code="4">650</subfield>
  </datafield>
  <datafield tag="712" ind1="0" ind2="0">
    <subfield code="a">Pinzi, Filippo</subfield>
    <subfield code="c"> &lt;1.&gt;</subfield>
    <subfield code="3">IT\ICCU\CNCT\001506</subfield>
    <subfield code="4">650</subfield>
  </datafield>
  <datafield tag="790" ind1=" " ind2="0">
    <subfield code="a">Aristotele</subfield>
    <subfield code="3">IT\ICCU\CNCA\018928</subfield>
    <subfield code="z">Aristoteles</subfield>
  </datafield>
  <datafield tag="790" ind1=" " ind2="0">
    <subfield code="a">Porfirio</subfield>
    <subfield code="c"> : di#Tiro</subfield>
    <subfield code="3">IT\ICCU\CNCA\014929</subfield>
    <subfield code="z">Porphyrius</subfield>
  </datafield>
  <datafield tag="790" ind1=" " ind2="0">
    <subfield code="a">Porphyrius</subfield>
    <subfield code="c"> : Tyrius</subfield>
    <subfield code="3">IT\ICCU\CNCA\018848</subfield>
    <subfield code="z">Porphyrius</subfield>
  </datafield>
  <datafield tag="790" ind1=" " ind2="0">
    <subfield code="a">Porphyrios</subfield>
    <subfield code="3">IT\ICCU\CNCA\022676</subfield>
    <subfield code="z">Porphyrius</subfield>
  </datafield>
  <datafield tag="790" ind1=" " ind2="0">
    <subfield code="a">Gilbert</subfield>
    <subfield code="c"> : de#la Porrě</subfield>
    <subfield code="3">IT\ICCU\CNCA\014221</subfield>
    <subfield code="z">Gilbertus : Porretanus</subfield>
  </datafield>
  <datafield tag="790" ind1=" " ind2="1">
    <subfield code="a">Porretanus,</subfield>
    <subfield code="b">Gilbertus</subfield>
    <subfield code="3">IT\ICCU\CNCA\019844</subfield>
    <subfield code="z">Gilbertus : Porretanus</subfield>
  </datafield>
  <datafield tag="790" ind1=" " ind2="1">
    <subfield code="a">La_Porě,</subfield>
    <subfield code="b">Gilbert : de</subfield>
    <subfield code="3">IT\ICCU\CNCA\019846</subfield>
    <subfield code="z">Gilbertus : Porretanus</subfield>
  </datafield>
  <datafield tag="790" ind1=" " ind2="1">
    <subfield code="a">Barbarus,</subfield>
    <subfield code="b">Hermolaus</subfield>
    <subfield code="3">IT\ICCU\CNCA\019065</subfield>
    <subfield code="z">Barbaro, Ermolao</subfield>
  </datafield>
  <datafield tag="790" ind1=" " ind2="1">
    <subfield code="a">Barbaro,</subfield>
    <subfield code="b"></subfield>
    <subfield code="3">IT\ICCU\CNCA\019066</subfield>
    <subfield code="z">Barbaro, Ermolao</subfield>
  </datafield>
  <datafield tag="791" ind1="0" ind2="0">
    <subfield code="a">Fontana, Benedictus</subfield>
    <subfield code="3">IT\ICCU\CNCT\005678</subfield>
    <subfield code="z">Fontana, Benedetto</subfield>
  </datafield>
  <datafield tag="791" ind1="0" ind2="0">
    <subfield code="a">Pincius, Philippus</subfield>
    <subfield code="c"> &lt;1.&gt;</subfield>
    <subfield code="3">IT\ICCU\CNCT\004047</subfield>
    <subfield code="z">Pinzi, Filippo &lt;1.&gt;</subfield>
  </datafield>
  <datafield tag="801" ind1=" " ind2="3">
    <subfield code="a">IT</subfield>
    <subfield code="b">ICCU</subfield>
    <subfield code="c">20201113</subfield>
  </datafield>
  <datafield tag="899" ind1=" " ind2=" ">
    <subfield code="a">Biblioteca del Convento di S. Giuliano. L&apos;Aquila</subfield>
    <subfield code="1">AQ0044</subfield>
    <subfield code="2">ZAQ 02</subfield>
  </datafield>
  <datafield tag="899" ind1=" " ind2=" ">
    <subfield code="a">Biblioteca del Convento di S. Chiara. L&apos;Aquila</subfield>
    <subfield code="1">AQ0045</subfield>
    <subfield code="2">ZAQ 01</subfield>
  </datafield>
  <datafield tag="899" ind1=" " ind2=" ">
    <subfield code="a">Biblioteca provinciale Salvatore Tommasi. Bazzano</subfield>
    <subfield code="1">AQ0047</subfield>
    <subfield code="2">ABR PR</subfield>
  </datafield>
  <datafield tag="899" ind1=" " ind2=" ">
    <subfield code="a">Biblioteca comunale. Pieve Santo Stefano</subfield>
    <subfield code="1">AR0049</subfield>
    <subfield code="2">ZAR 16</subfield>
  </datafield>
  <datafield tag="899" ind1=" " ind2=" ">
    <subfield code="a">Biblioteca statale. Cremona</subfield>
    <subfield code="1">CR0062</subfield>
    <subfield code="2">LO1 28</subfield>
  </datafield>
  <datafield tag="899" ind1=" " ind2=" ">
    <subfield code="a">Biblioteca nazionale Vittorio Emanuele III. Napoli</subfield>
    <subfield code="1">NA0079</subfield>
    <subfield code="2">NAP BN</subfield>
  </datafield>
</record>
</collection>
